@inproceedings{7430864,
    title = {{A compact SiPM photodetector array for SPECT applications}},
    year = {2014},
    booktitle = {2014 IEEE Nuclear Science Symposium and Medical Imaging Conference (NSS/MIC)},
    author = {Occhipinti, M and Busca, P and Butt, A D and Cozzi, G and Fiorini, C and Perali, I and Ferri, A and Gola, A and Piemonte, C},
    month = {11},
    pages = {1--3},
    doi = {10.1109/NSSMIC.2014.7430864},
    keywords = {caesium compounds;elemental semiconductors;photode}
}

@article{LJUNGBERG1989257,
    title = {{A Monte Carlo program for the simulation of scintillation camera characteristics}},
    year = {1989},
    journal = {Computer Methods and Programs in Biomedicine},
    author = {Ljungberg, Michael and Strand, Sven-Erik},
    number = {4},
    pages = {257--272},
    volume = {29},
    doi = {https://doi.org/10.1016/0169-2607(89)90111-9},
    issn = {0169-2607},
    keywords = {Imaging, Monte Carlo, Photon transport, Pile-up, SPECT, Scatter simulation, Scintillation camera, Spectrum}
}

@inproceedings{8069508,
    title = {{A novel approach to image reconstruction and calibration for a multi-slit-slat SPECT system}},
    year = {2016},
    booktitle = {2016 IEEE Nuclear Science Symposium, Medical Imaging Conference and Room-Temperature Semiconductor Detector Workshop (NSS/MIC/RTSD)},
    author = {Erlandsson, Kjell and Salvado, Debora and Hutton, Brian F.},
    month = {10},
    pages = {1--3},
    volume = {2017-Janua},
    publisher = {Institute of Electrical and Electronics Engineers Inc.},
    isbn = {9781509016426},
    doi = {10.1109/NSSMIC.2016.8069508},
    keywords = {biomedical MRI, calibration, collimators, image recon}
}

@article{SCHAART201631,
    title = {{Advances in digital SiPMs and their application in biomedical imaging}},
    year = {2016},
    journal = {Nuclear Instruments and Methods in Physics Research Section A: Accelerators, Spectrometers, Detectors and Associated Equipment},
    author = {Schaart, Dennis R and Charbon, Edoardo and Frach, Thomas and Schulz, Volkmar},
    pages = {31--52},
    volume = {809},
    url = {http://www.sciencedirect.com/science/article/pii/S0168900215013121},
    doi = {https://doi.org/10.1016/j.nima.2015.10.078},
    issn = {0168-9002},
    keywords = {Digital Photon Counting, Digital silicon photomultiplier (dSiPM), PET/MRI, Single photon avalanche diode (SPAD), Single-photon computed tomography (SPECT), Time-of-flight (TOF) positron emission tomography}
}

@article{1076033,
    title = {{Analytic determination of the pinhole collimator's point-spread function and RMS resolution with penetration}},
    year = {2002},
    journal = {IEEE Transactions on Medical Imaging},
    author = {Metzler, S D and Bowsher, J E and Greer, K L and Jaszczak, R J},
    number = {8},
    month = {8},
    pages = {878--887},
    volume = {21},
    doi = {10.1109/TMI.2002.803129},
    issn = {0278-0062},
    keywords = {Computer-Assisted;Image Interpretation, Computer-Assisted;Reproducibility of Results;Sens, Emission-Computed, SPECT;pinhole collimator point spread function;RMS, Single-Photon, Single-Photon;Tomography}
}

@article{8432104,
    title = {{Characterization of the Detection Module of the INSERT SPECT/MRI Clinical System}},
    year = {2018},
    journal = {IEEE},
    author = {Occhipinti, M and Carminati, M and Busca, P and Butt, A D and Montagnani, G L and Trigilio, P and Piemonte, C and Ferri, A and Gola, A and Bukki, T and Czeller, M and Nyitrai, Z and Papp, Z and Nagy, K and Fiorini, C},
    number = {6},
    month = {11},
    pages = {554--563},
    volume = {2},
    doi = {10.1109/TRPMS.2018.2864792},
    issn = {2469-7311},
    keywords = {application specific integrated circuits;biomedica}
}

@article{7181734,
    title = {{Collimator Design for a Brain SPECT/MRI Insert}},
    year = {2015},
    journal = {IEEE Transactions on Nuclear Science},
    author = {Salvado, Debora and Erlandsson, Kjell and Bousse, Alexandre and Occhipinti, Michele and Busca, Paolo and Fiorini, Carlo and Hutton, Brian F.},
    number = {4},
    month = {8},
    pages = {1716--1724},
    volume = {62},
    url = {http://ieeexplore.ieee.org/document/7181734/},
    doi = {10.1109/TNS.2015.2450017},
    issn = {0018-9499},
    keywords = {biomedical MRI, biomedical equipment, brain, collimat}
}

@article{Morrocchi2017,
    title = {{Depth of interaction determination in monolithic scintillator with double side SiPM readout}},
    year = {2017},
    journal = {EJNMMI Physics},
    author = {Morrocchi, Matteo and Ambrosi, Giovanni and Bisogni, Maria Giuseppina and Bosi, Filippo and Boretto, Marco and Cerello, Piergiorgio and Ionica, Maria and Liu, Ben and Pennazio, Francesco and Piliero, Maria Antonietta and Pirrone, Giovanni and Postolache, Vasile and Wheadon, Richard and Del Guerra, Alberto},
    number = {1},
    month = {2},
    pages = {11},
    volume = {4},
    url = {https://doi.org/10.1186/s40658-017-0180-9},
    doi = {10.1186/s40658-017-0180-9},
    issn = {2197-7364}
}

@article{0031-9155-56-23-014,
    title = {{Development of a high-resolution Si-PM-based gamma camera system}},
    year = {2011},
    journal = {Physics in Medicine {\&} Biology},
    author = {Yamamoto, Seiichi and Watabe, Hiroshi and Kanai, Yasukazu and Imaizumi, Masao and Watabe, Tadashi and Shimosegawa, Eku and Hatazawa, Jun},
    number = {23},
    pages = {7555},
    volume = {56},
    url = {http://stacks.iop.org/0031-9155/56/i=23/a=014}
}

@article{8340862,
    title = {{Development of a Practical Calibration Procedure for a Clinical SPECT/MRI System Using a Single INSERT Prototype Detector and Multimini Slit-Slat Collimator}},
    year = {2018},
    journal = {IEEE Transactions on Radiation and Plasma Medical Sciences},
    author = {{D. Salvado} and Erlandsson, Kjell and Occhipinti, Michele and Fiorini, Carlo and Willems, Jurgen and van Mullekom, Pieter and Papp, Zoltan and Czeller, Miklos and Nagy, Kalman and Hutton, Brian F. and Salvado, Debora and Erlandsson, Kjell and Occhipinti, Michele and Fiorini, Carlo and Willems, Jurgen and van Mullekom, Pieter and Papp, Zoltan and Czeller, Miklos and Nagy, Kalman and Hutton, Brian F.},
    number = {4},
    month = {7},
    pages = {380--386},
    volume = {2},
    publisher = {Institute of Electrical and Electronics Engineers (IEEE)},
    doi = {10.1109/trpms.2018.2828163},
    issn = {2469-7311},
    keywords = {biomedical MRI, brain, calibration, coils, collimators}
}

@article{0031-9155-55-6-002,
    title = {{Development of an MR-compatible SPECT system (MRSPECT) for simultaneous data acquisition}},
    year = {2010},
    journal = {Physics in Medicine {\&} Biology},
    author = {Hamamura, Mark J and Ha, Seunghoon and Roeck, Werner W and Muftuler, L Tugan and Wagenaar, Douglas J and Meier, Dirk and Patt, Bradley E and Nalcioglu, Orhan},
    number = {6},
    month = {3},
    pages = {1563},
    volume = {55},
    url = {http://stacks.iop.org/0031-9155/55/i=6/a=002 http://stacks.iop.org/0031-9155/55/i=6/a=002?key=crossref.6da3de8821a00c5c4d5b1ecaa23489c9},
    doi = {10.1088/0031-9155/55/6/002},
    issn = {0031-9155}
}

@article{doi:10.1259/bjr.20160690,
    title = {{Development of clinical simultaneous SPECT/MRI}},
    year = {2018},
    journal = {The British Journal of Radiology},
    author = {Hutton, Brian F and Occhipinti, Michele and Kuehne, Andre and M{\'{a}}th{\'{e}}, Domokos and Kov{\'{a}}cs, No√©mi and Waiczies, Helmar and Erlandsson, Kjell and Salvado, Debora and Carminati, Marco and Montagnani, Giovanni L and Short, Susan C and Ottobrini, Luisa and van Mullekom, Pieter and Piemonte, Claudio and Bukki, Tamas and Nyitrai, Zoltan and Papp, Zoltan and Nagy, Kalman and Niendorf, Thoralf and de Francesco, Irene and Fiorini, Carlo and consortium, On behalf of the INSERT},
    number = {1081},
    month = {1},
    pages = {20160690},
    volume = {91},
    publisher = {The British Institute of Radiology.},
    url = {https://www.birpublications.org/doi/10.1259/bjr.20160690 https://doi.org/10.1259/bjr.20160690},
    doi = {10.1259/bjr.20160690},
    issn = {0007-1285}
}

@incollection{BasicOfNM,
    title = {{Emission Tomography and Image Reconstruction}},
    year = {2011},
    booktitle = {Basic Sciences of Nuclear Medicine},
    author = {Khalil, Magby M},
    editor = {Khalil, Magby M},
    chapter = {13},
    pages = {275--281},
    publisher = {Springer}
}

@article{MCELROY2007106,
    title = {{Evaluation of silicon photomultipliers: A promising new detector for MR compatible PET}},
    year = {2007},
    journal = {Nuclear Instruments and Methods in Physics Research Section A: Accelerators, Spectrometers, Detectors and Associated Equipment},
    author = {McElroy, David P. and Saveliev, Valeri and Reznik, Alla and Rowlands, John A.},
    number = {1},
    month = {2},
    pages = {106--109},
    volume = {571},
    url = {http://www.sciencedirect.com/science/article/pii/S0168900206018377 https://linkinghub.elsevier.com/retrieve/pii/S0168900206018377},
    doi = {https://doi.org/10.1016/j.nima.2006.10.040},
    issn = {0168-9002},
    keywords = {MRI, Molecular imaging, PET, Scintillation detectors, SiPM}
}

@article{7287793,
    title = {{Experimental Evaluation of a SiPM-Based Scintillation Detector for MR-Compatible SPECT Systems}},
    year = {2015},
    journal = {IEEE Transactions on Nuclear Science},
    author = {Busca, P and Occhipinti, M and Trigilio, P and Cozzi, G and Fiorini, C and Piemonte, C and Ferri, A and Gola, A and Nagy, K and B{\"{u}}kki, T and Rieger, J},
    number = {5},
    month = {10},
    pages = {2122--2128},
    volume = {62},
    doi = {10.1109/TNS.2015.2481184},
    issn = {0018-9499},
    keywords = {application specific integrated circuits;capacitan}
}

@article{1236960,
    title = {{GATE: a Geant4-based simulation platform for PET and SPECT integrating movement and time management}},
    year = {2003},
    journal = {IEEE Transactions on Nuclear Science},
    author = {Santin, G and Strul, D and Lazaro, D and Simon, L and Krieguer, M and Martins, M V and Breton, V and Morel, C},
    number = {5},
    month = {10},
    pages = {1516--1521},
    volume = {50},
    doi = {10.1109/TNS.2003.817974},
    issn = {0018-9499},
    keywords = {positron emission tomography;single photon emissio}
}

@article{AGOSTINELLI2003250,
    title = {{Geant4‚Äîa simulation toolkit}},
    year = {2003},
    journal = {Nuclear Instruments and Methods in Physics Research Section A: Accelerators, Spectrometers, Detectors and Associated Equipment},
    author = {Agostinelli, S and Allison, J and Amako, K and Apostolakis, J and Araujo, H and Arce, P and Asai, M and Axen, D and Banerjee, S and Barrand, G and Behner, F and Bellagamba, L and Boudreau, J and Broglia, L and Brunengo, A and Burkhardt, H and Chauvie, S and Chuma, J and Chytracek, R and Cooperman, G and Cosmo, G and Degtyarenko, P and Dell'Acqua, A and Depaola, G and Dietrich, D and Enami, R and Feliciello, A and Ferguson, C and Fesefeldt, H and Folger, G and Foppiano, F and Forti, A and Garelli, S and Giani, S and Giannitrapani, R and Gibin, D and Cadenas, J J G√≥mez and Gonz{\'{a}}lez, I and Abril, G Gracia and Greeniaus, G and Greiner, W and Grichine, V and Grossheim, A and Guatelli, S and Gumplinger, P and Hamatsu, R and Hashimoto, K and Hasui, H and Heikkinen, A and Howard, A and Ivanchenko, V and Johnson, A and Jones, F W and Kallenbach, J and Kanaya, N and Kawabata, M and Kawabata, Y and Kawaguti, M and Kelner, S and Kent, P and Kimura, A and Kodama, T and Kokoulin, R and Kossov, M and Kurashige, H and Lamanna, E and Lamp{\'{e}}n, T and Lara, V and Lefebure, V and Lei, F and Liendl, M and Lockman, W and Longo, F and Magni, S and Maire, M and Medernach, E and Minamimoto, K and de Freitas, P Mora and Morita, Y and Murakami, K and Nagamatu, M and Nartallo, R and Nieminen, P and Nishimura, T and Ohtsubo, K and Okamura, M and O'Neale, S and Oohata, Y and Paech, K and Perl, J and Pfeiffer, A and Pia, M G and Ranjard, F and Rybin, A and Sadilov, S and Salvo, E Di and Santin, G and Sasaki, T and Savvas, N and Sawada, Y and Scherer, S and Sei, S and Sirotenko, V and Smith, D and Starkov, N and Stoecker, H and Sulkimo, J and Takahata, M and Tanaka, S and Tcherniaev, E and Tehrani, E Safai and Tropeano, M and Truscott, P and Uno, H and Urban, L and Urban, P and Verderi, M and Walkden, A and Wander, W and Weber, H and Wellisch, J P and Wenaus, T and Williams, D C and Wright, D and Yamada, T and Yoshida, H and Zschiesche, D},
    number = {3},
    pages = {250--303},
    volume = {506},
    url = {http://www.sciencedirect.com/science/article/pii/S0168900203013688},
    doi = {https://doi.org/10.1016/S0168-9002(03)01368-8},
    issn = {0168-9002},
    keywords = {Distributed software development, Geometrical modelling, Object-oriented technology, Particle interactions, Simulation, Software engineering}
}

@article{RENKER200648,
    title = {{Geiger-mode avalanche photodiodes, history, properties and problems}},
    year = {2006},
    journal = {Nuclear Instruments and Methods in Physics Research Section A: Accelerators, Spectrometers, Detectors and Associated Equipment},
    author = {Renker, D},
    number = {1},
    pages = {48--56},
    volume = {567},
    url = {http://www.sciencedirect.com/science/article/pii/S0168900206008680},
    doi = {https://doi.org/10.1016/j.nima.2006.05.060},
    issn = {0168-9002},
    keywords = {Avalanche Photodiode, Geiger-mode Avalanche Photodiode, Photosensor, SiPM}
}

@article{PATTON2009247,
    title = {{Hybrid Imaging Technology: From Dreams and Vision to Clinical Devices}},
    year = {2009},
    journal = {Seminars in Nuclear Medicine},
    author = {Patton, James A. and Townsend, David W. and Hutton, Brian F.},
    number = {4},
    month = {7},
    pages = {247--263},
    volume = {39},
    url = {http://www.sciencedirect.com/science/article/pii/S0001299809000191 https://linkinghub.elsevier.com/retrieve/pii/S0001299809000191},
    doi = {https://doi.org/10.1053/j.semnuclmed.2009.03.005},
    issn = {0001-2998}
}

@inproceedings{inproceedings,
    title = {{INSERT: A Novel Clinical Scanner for Simultaneous SPECT/MRI Brain Studies}},
    year = {2017},
    booktitle = {2017 IEEE (NSS/MIC/RTSD)},
    author = {Hutton, B F and Erlandsson, Kjell and Salvado, Debora and Occhipinti, Michele and Papp, Z and Tolgyesi, B and Willems, J and Piemonte, Claudio and Carminati, Marco and B{\"{u}}kki, Tam√°s and Legrady, G and Kuehne, Andre and Nyitrai, Z and Niendorf, T and Van Mullekom, P and Waiczies, Helmar and Nagy, Kalman and De Francesco, Irene and Mathe, Domokos and Fiorini, C},
    pages = {1--2},
    doi = {10.1109/NSSMIC.2017.8532723}
}

@article{Morozov_2017,
    title = {{Iterative reconstruction of {\{}SiPM{\}} light response functions in a square-shaped compact gamma camera}},
    year = {2017},
    journal = {Physics in Medicine and Biology},
    author = {Morozov, A and Alves, F and Marcos, J and Martins, R and Pereira, L and Solovov, V and Chepel, V},
    number = {9},
    month = {4},
    pages = {3619--3638},
    volume = {62},
    publisher = {{\{}IOP{\}} Publishing},
    url = {https://doi.org/10.1088%2F1361-6560%2Faa6029},
    doi = {10.1088/1361-6560/aa6029}
}

@inproceedings{8069405,
    title = {{Light response estimation and gamma events reconstruction in gamma-detectors based on continuous scintillators and SiPMs}},
    year = {2016},
    booktitle = {2016 IEEE (NSS/MIC/RTSD)},
    author = {Occhipinti, M and Busca, P and Fiorini, C},
    month = {10},
    pages = {1--4},
    doi = {10.1109/NSSMIC.2016.8069405},
    keywords = {calibration;cameras;gamma-ray detection;iterative}
}

@article{4307558,
    title = {{Maximum Likelihood Reconstruction for Emission Tomography}},
    year = {1982},
    journal = {IEEE Transactions on Medical Imaging},
    author = {Shepp, L A and Vardi, Y},
    number = {2},
    month = {10},
    pages = {113--122},
    volume = {1},
    doi = {10.1109/TMI.1982.4307558},
    issn = {0278-0062},
    keywords = {Tomography;Detectors;Positrons;Maximum likelihood}
}

@article{Giannone_1999,
    title = {{Monte Carlo Calculations in Nuclear Medicine: Applications in Diagnostic Imaging}},
    year = {1999},
    journal = {Physiological Measurement},
    author = {Giannone, C A and {others}},
    number = {1},
    month = {2},
    volume = {20},
    publisher = {{\{}IOP{\}} Publishing},
    url = {https://doi.org/10.1088%2F0967-3334%2F20%2F1%2F010},
    doi = {10.1088/0967-3334/20/1/010}
}

@inproceedings{7430894,
    title = {{Novel collimation for simultaneous SPECT/MRI}},
    year = {2014},
    booktitle = {2014 IEEE (NSS/MIC)},
    author = {Salvado, D and Erlandsson, K and Bousse, A and van Mullekom, P and Hutton, B F},
    month = {11},
    pages = {1--5},
    doi = {10.1109/NSSMIC.2014.7430894},
    keywords = {biomedical MRI;brain;collimators;image reconstruct}
}

@article{1710249,
    title = {{Penetration, Scatter and Sensitivity in Channel Micro-Pinholes for SPECT: A Monte Carlo Investigation}},
    year = {2006},
    journal = {IEEE Transactions on Nuclear Science},
    author = {Have, F Van Der and Beekman, F J},
    number = {5},
    month = {10},
    pages = {2635--2645},
    volume = {53},
    doi = {10.1109/TNS.2006.882739},
    issn = {0018-9499},
    keywords = {gamma-ray detection;image reconstruction;microchan}
}

@article{6359814,
    title = {{Position Reconstruction in a Dual Phase Xenon Scintillation Detector}},
    year = {2012},
    journal = {IEEE},
    author = {Solovov, V N and Belov, V A and Akimov, D Y and Araujo, H M and Barnes, E J and Burenkov, A A and Chepel, V and Currie, A and DeViveiros, L and Edwards, B and Ghag, C and Hollingsworth, A and Horn, M and Kalmus, G E and Kobyakin, A S and Kovalenko, A G and Lebedenko, V N and Lindote, A and Lopes, M I and Luscher, R and Majewski, P and Murphy, A S J and Neves, F and Paling, S M and Pinto da Cunha, J and Preece, R and Quenby, J J and Reichhart, L and Scovell, P R and Silva, C and Smith, N J T and Smith, P F and Stekhanov, V N and Sumner, T J and Thorne, C and Walker, R J},
    number = {6},
    month = {12},
    pages = {3286--3293},
    volume = {59},
    doi = {10.1109/TNS.2012.2221742},
    issn = {0018-9499},
    keywords = {calibration;cosmic ray apparatus;dark matter;liqui}
}

@article{PICHLER2008199,
    title = {{Positron Emission Tomography/Magnetic Resonance Imaging: The Next Generation of Multimodality Imaging?}},
    year = {2008},
    journal = {Seminars in Nuclear Medicine},
    author = {Pichler, Bernd J and Wehrl, Hans F and Kolb, Armin and Judenhofer, Martin S},
    number = {3},
    pages = {199--208},
    volume = {38},
    url = {http://www.sciencedirect.com/science/article/pii/S000129980800024X},
    doi = {https://doi.org/10.1053/j.semnuclmed.2008.02.001},
    issn = {0001-2998}
}

@article{doi:10.1177/153303460600500406,
    title = {{Rationale for the Combination of Nuclear Medicine with Magnetic Resonance for Pre-clinical Imaging}},
    year = {2006},
    journal = {Technology in Cancer Research {\&} Treatment},
    author = {Wagenaar, Douglas J and Kapusta, Maciej and Li, Junqiang and Patt, Bradley E},
    number = {4},
    pages = {343--350},
    volume = {5},
    url = {https://doi.org/10.1177/153303460600500406},
    doi = {10.1177/153303460600500406}
}

@article{0031-9155-50-21-004,
    title = {{Resolution- versus sensitivity-effective diameter in pinhole collimation: experimental verification}},
    year = {2005},
    journal = {Physics in Medicine {\&} Biology},
    author = {Metzler, S D and Accorsi, R},
    number = {21},
    pages = {5005},
    volume = {50},
    url = {http://stacks.iop.org/0031-9155/50/i=21/a=004}
}

@article{0031-9155-18-6-005,
    title = {{Septal penetration in scintillation camera collimators}},
    year = {1973},
    journal = {Physics in Medicine {\&} Biology},
    author = {Muehllehner, G and Luig, H},
    number = {6},
    pages = {855},
    volume = {18},
    url = {http://stacks.iop.org/0031-9155/18/i=6/a=005}
}

@article{7286864,
    title = {{Simulated Design Strategies for SPECT Collimators to Reduce the Eddy Currents Induced by MRI Gradient Fields}},
    year = {2015},
    journal = {IEEE Transactions on Nuclear Science},
    author = {Samoudi, A M and Audenhaege, K Van and Vermeeren, G and Verhoyen, G and Martens, L and Holen, R Van and Joseph, W},
    number = {5},
    month = {10},
    pages = {2017--2022},
    volume = {62},
    doi = {10.1109/TNS.2015.2476601},
    issn = {0018-9499},
    keywords = {single photon emission computed tomography;highly}
}

@article{0031-9155-55-2-N04,
    title = {{Simulation study of spatial resolution and sensitivity for the tapered depth of interaction PET detectors for small animal imaging}},
    year = {2010},
    journal = {Physics in Medicine {\&} Biology},
    author = {James, Sara St and Yang, Yongfeng and Bowen, Spencer L and Qi, Jinyi and Cherry, Simon R},
    number = {2},
    pages = {N63},
    volume = {55},
    url = {http://stacks.iop.org/0031-9155/55/i=2/a=N04}
}

@article{DINU2015367,
    title = {{SiPM arrays and miniaturized readout electronics for compact gamma camera}},
    year = {2015},
    journal = {Nuclear Instruments and Methods in Physics Research Section A: Accelerators, Spectrometers, Detectors and Associated Equipment},
    author = {Dinu, N and Imando, T Ait and Nagai, A and Pinot, L and Puill, V and Callier, S and Janvier, B and Esnault, C and Verdier, M.-A. and Raux, L and Vandenbussche, V and Charon, Y and Menard, L},
    pages = {367--372},
    volume = {787},
    url = {http://www.sciencedirect.com/science/article/pii/S0168900215001230},
    doi = {https://doi.org/10.1016/j.nima.2015.01.083},
    issn = {0168-9002},
    keywords = {Cancer surgery, Gamma camera, MPPC, SiPM}
}

@article{Metzler2010SlitSlatAM,
    title = {{Slit-Slat and Multi-Slit-Slat Collimator Design and Experimentally Acquired Phantom Images From a Rotating Prototype}},
    year = {2010},
    journal = {IEEE Transactions on Nuclear Science},
    author = {Metzler, S D and Accorsi, Roberto and Ayan, A and Jaszczak, R J},
    pages = {125--134},
    volume = {57}
}

@phdthesis{phdthesis,
    title = {{SPECT System Design Optimisation for a Simultaneous SPECT/MRI Clinical Scanner}},
    year = {2017},
    author = {Salvado, D¬¥ebora Sofia Almeida Silva},
    school = {University College London}
}

@incollection{Sorenson1987,
    title = {{The Anger Camera: Performance Characteristics}},
    year = {1987},
    booktitle = {Physics in Nuclear Medicine},
    author = {Sorenson, J A and Phelps, M E},
    editor = {Sorenson, J A and Phelps, M E},
    chapter = {16},
    pages = {331--345},
    publisher = {Saunders}
}

@article{doi:10.1118/1.597957,
    title = {{The effect of gamma ray penetration on angle-dependent sensitivity for pinhole collimation in nuclear medicine}},
    year = {1998},
    journal = {Medical Physics},
    author = {Smith, Mark F and Jaszczak, Ronald J},
    number = {11},
    pages = {1701--1709},
    volume = {24},
    url = {https://aapm.onlinelibrary.wiley.com/doi/abs/10.1118/1.597957},
    doi = {10.1118/1.597957},
    keywords = {87.57.02, APERTURES, COLLIMATORS, Collimation, Collimators, GAMMA RADIATION, Gamma ray effects, Gamma ray imaging, Gamma rays, IODINE 131, Medical image reconstruction, NUCLEAR MEDICINE, Nuclear medicine imaging, Numerical modeling, PENETRATION DEPTH, Photons, SIMULATION, SINGLE PHOTON EMISSION COMPUTED TOMOGRAPHY, Single photon emission computed tomography, Single photon emission computed tomography (SPECT), TECHNETIUM 99}
}

@article{doi:10.1001/jama.1965.03080190014004,
    title = {{Use of the scintillation camera to reduce radioisotope scanning time}},
    year = {1965},
    journal = {JAMA},
    author = {A, Gottschalk and HO, Anger},
    number = {6},
    pages = {448--452},
    volume = {192},
    url = {+ http://dx.doi.org/10.1001/jama.1965.03080190014004},
    doi = {10.1001/jama.1965.03080190014004}
}

@inproceedings{Occhipinti2016AApplications,
    title = {{A compact SiPM photodetector array for SPECT applications}},
    year = {2016},
    booktitle = {2014 IEEE Nuclear Science Symposium and Medical Imaging Conference, NSS/MIC 2014},
    author = {Occhipinti, M. and Busca, P. and Butt, A. D. and Cozzi, G. and Fiorini, C. and Perali, I. and Ferri, A. and Gola, A. and Piemonte, C.},
    month = {3},
    publisher = {Institute of Electrical and Electronics Engineers Inc.},
    isbn = {9781479960972},
    doi = {10.1109/NSSMIC.2014.7430864}
}

@misc{Maier2019AProcessing,
    title = {{A gentle introduction to deep learning in medical image processing}},
    year = {2019},
    booktitle = {Zeitschrift fur Medizinische Physik},
    author = {Maier, Andreas and Syben, Christopher and Lasser, Tobias and Riess, Christian},
    doi = {10.1016/j.zemedi.2018.12.003},
    issn = {18764436},
    keywords = {Computer-aided diagnosis, Deep learning, Image reconstruction, Image registration, Image segmentation, Introduction, Machine learning, Physical simulation}
}

@article{Pedemonte2017ACameras,
    title = {{A machine learning method for fast and accurate characterization of depth-of-interaction gamma cameras}},
    year = {2017},
    journal = {Physics in Medicine {\&} Biology},
    author = {Pedemonte, Stefano and Pierce, Larry and Van Leemput, Koen},
    number = {21},
    month = {10},
    pages = {8376--8401},
    volume = {62},
    url = {http://stacks.iop.org/0031-9155/62/i=21/a=8376?key=crossref.05afaecfa1c4ddb2acbf5de76d757308},
    doi = {10.1088/1361-6560/aa6ee5},
    issn = {1361-6560}
}

@article{Erlandsson2012AOncology.,
    title = {{A review of partial volume correction techniques for emission tomography and their applications in neurology, cardiology and oncology.}},
    year = {2012},
    journal = {Physics in medicine and biology},
    author = {Erlandsson, Kjell and Buvat, Ir√®ne and Pretorius, P Hendrik and Thomas, Benjamin A and Hutton, Brian F},
    number = {21},
    month = {11},
    pages = {119--59},
    volume = {57},
    url = {http://www.ncbi.nlm.nih.gov/pubmed/23073343},
    doi = {10.1088/0031-9155/57/21/R119},
    issn = {1361-6560},
    pmid = {23073343}
}

@article{Trigilio2018AApplications,
    title = {{A SiPM-Readout ASIC for SPECT Applications}},
    year = {2018},
    journal = {IEEE Transactions on Radiation and Plasma Medical Sciences},
    author = {Trigilio, Paolo and Busca, Paolo and Quaglia, Riccardo and Occhipinti, Michele and Fiorini, Carlo},
    number = {5},
    month = {7},
    pages = {404--410},
    volume = {2},
    publisher = {Institute of Electrical and Electronics Engineers (IEEE)},
    doi = {10.1109/trpms.2018.2856201},
    issn = {2469-7311}
}

@inproceedings{Meier2011AAnimals,
    title = {{A SPECT camera for combined MRI and SPECT for small animals}},
    year = {2011},
    booktitle = {Nuclear Instruments and Methods in Physics Research, Section A: Accelerators, Spectrometers, Detectors and Associated Equipment},
    author = {Meier, D. and Wagenaar, D. J. and Chen, S. and Xu, J. and Yu, J. and Tsui, B. M.W.},
    number = {1},
    month = {10},
    pages = {731--734},
    volume = {652},
    publisher = {NIH Public Access},
    doi = {10.1016/j.nima.2010.09.116},
    issn = {01689002},
    keywords = {MRI, Molecular imaging, Multi-modality imaging, SPECT}
}

@inproceedings{Meier2011AAnimalsb,
    title = {{A SPECT camera for combined MRI and SPECT for small animals}},
    year = {2011},
    booktitle = {Nuclear Instruments and Methods in Physics Research, Section A: Accelerators, Spectrometers, Detectors and Associated Equipment},
    author = {Meier, D. and Wagenaar, D. J. and Chen, S. and Xu, J. and Yu, J. and Tsui, B. M.W.},
    number = {1},
    month = {10},
    pages = {731--734},
    volume = {652},
    publisher = {NIH Public Access},
    doi = {10.1016/j.nima.2010.09.116},
    issn = {01689002},
    keywords = {MRI, Molecular imaging, Multi-modality imaging, SPECT}
}

@article{Miller2012AImagers,
    title = {{A System Calibration and Fast Iterative Reconstruction Method for Next-Generation SPECT Imagers}},
    year = {2012},
    journal = {IEEE Transactions on Nuclear Science},
    author = {Miller, B. W. and Van Holen, R. and Barrett, H. H. and Furenlid, L. R.},
    number = {5},
    month = {10},
    pages = {1990--1996},
    volume = {59},
    url = {http://ieeexplore.ieee.org/document/6213168/},
    doi = {10.1109/TNS.2012.2198243},
    issn = {0018-9499}
}

@inproceedings{Cai2010ADetectors,
    title = {{A very-high resolution SPECT system based on the energy-resolved photon counting CdTe detectors}},
    year = {2010},
    booktitle = {IEEE Nuclear Science Symposium Conference Record},
    author = {Cai, L. and Fu, G. and Tan, J. W. and Meng, L. J.},
    pages = {2788--2792},
    isbn = {9781424491063},
    doi = {10.1109/NSSMIC.2010.5874300},
    issn = {10957863},
    keywords = {Energy-resolved photon counting detector, SPECT}
}

@article{Hudson1994AcceleratedData,
    title = {{Accelerated Image Reconstruction Using Ordered Subsets of Projection Data}},
    year = {1994},
    journal = {IEEE Transactions on Medical Imaging},
    author = {Hudson, H. Malcolm and Larkin, Richard S.},
    number = {4},
    pages = {601--609},
    volume = {13},
    doi = {10.1109/42.363108},
    issn = {1558254X},
    pmid = {18218538}
}

@article{Smith1988AcquisitionAnalysis,
    title = {{Acquisition and calibration principles for aspect-a spect camera using digital position analysis}},
    year = {1988},
    journal = {IEEE Transactions on Nuclear Science},
    author = {Smith, A. P. and Genna, S.},
    number = {1},
    pages = {740--743},
    volume = {35},
    doi = {10.1109/23.12823},
    issn = {15581578}
}

@misc{Bateman2012AdvantagesPractice,
    title = {{Advantages and disadvantages of PET and SPECT in a busy clinical practice}},
    year = {2012},
    booktitle = {Journal of Nuclear Cardiology},
    author = {Bateman, Timothy M.},
    number = {SUPPL. 1},
    month = {2},
    volume = {19},
    doi = {10.1007/s12350-011-9490-9},
    issn = {10713581},
    keywords = {Myocardial perfusion imaging, PET, SPECT}
}

@article{Floyd1991AnReconstruction,
    title = {{An artificial neural network for SPECT image reconstruction}},
    year = {1991},
    journal = {IEEE Transactions on Medical Imaging},
    author = {Floyd, C.E.},
    number = {3},
    pages = {485--487},
    volume = {10},
    url = {http://ieeexplore.ieee.org/document/97600/},
    doi = {10.1109/42.97600},
    issn = {02780062}
}

@article{Bousse2013AngularReconstruction,
    title = {{Angular rebinning for geometry independent SPECT reconstruction}},
    year = {2013},
    journal = {Faculty of Engineering and Information Sciences - Papers: Part A},
    author = {Bousse, Alexandre and Erlandsson, Kjell and Pedemonte, Stefano and Ourselin, Sebastien and Arridge, Simon and Hutton, Brian},
    month = {1},
    url = {https://ro.uow.edu.au/eispapers/2341}
}

@article{Blankespoor1996AttenuationAssessment,
    title = {{Attenuation correction of spect using x-ray ct on an emissiontransmission ct system: myocardial perfusion assessment}},
    year = {1996},
    journal = {IEEE Transactions on Nuclear Science},
    author = {Blankespoor, S. C. and Wu, X. and Kalki, K. and Brown, J. K. and Tang, H. R. and Cann, C. E. and Hasegawa, B. H.},
    number = {4 PART 1},
    pages = {2263--2274},
    volume = {43},
    doi = {10.1109/23.531891},
    issn = {00189499}
}

@article{Tossici-Bolt2011CalibrationDatabase,
    title = {{Calibration of gamma camera systems for a multicentre European 123I-FP-CIT SPECT normal database}},
    year = {2011},
    journal = {European Journal of Nuclear Medicine and Molecular Imaging},
    author = {Tossici-Bolt, Livia and Dickson, John C. and Sera, Terez and De Nijs, Robin and Bagnara, Maria Claudia and Jonsson, Catherine and Scheepers, Egon and Zito, Felicia and Seese, Anita and Koulibaly, Pierre Malick and Kapucu, Ozlem L. and Koole, Michel and Raith, Maria and George, Jean and Lonsdale, Markus Nowak and M{\"{u}}nzing, Wolfgang and Tatsc, Klaus and Varrone, Andrea},
    number = {8},
    month = {8},
    pages = {1529--1540},
    volume = {38},
    publisher = {Springer},
    doi = {10.1007/s00259-011-1801-5},
    issn = {16197070},
    keywords = {123I-FP-CIT, Normal database, SPECT, Striatal phantom}
}

@incollection{Chen2005CalibrationSystems,
    title = {{Calibration of Scintillation Cameras and Pinhole SPECT Imaging Systems}},
    year = {2005},
    booktitle = {Small-Animal Spect Imaging},
    author = {Chen, Yi-Chun and Furenlid, Lars R. and Wilson, Donald W. and Barrett, Harrison H.},
    pages = {195--201},
    publisher = {Springer US},
    url = {http://link.springer.com/10.1007/0-387-25294-0_12},
    address = {Boston, MA},
    doi = {10.1007/0-387-25294-0{\_}12}
}

@article{Jin1995CalibrationsMcSPECT-II,
    title = {{Calibrations and Corrections of a Modular Cylindrical SPECT System (McSPECT-II)}},
    year = {1995},
    journal = {IEEE Transactions on Nuclear Science},
    author = {Jin, Yongjie and Liu, Jingai and Chang, Wei and Liu, Yinong and Huang, Gang},
    number = {6},
    pages = {2275--2280},
    volume = {42},
    doi = {10.1109/23.489427},
    issn = {15581578}
}

@article{Beque2003CharacterizationGeometry,
    title = {{Characterization of pinhole SPECT acquisition geometry}},
    year = {2003},
    journal = {IEEE Transactions on Medical Imaging},
    author = {Bequ{\'{e}}, Dirk and Nuyts, Johan and Bormans, Guy and Suetens, Paul and Dupont, Patrick},
    number = {5},
    pages = {599--612},
    volume = {22},
    doi = {10.1109/TMI.2003.812258},
    issn = {02780062},
    keywords = {Acquisition geometry, Geometry calibration, Pinhole, SPECT}
}

@article{Carminati2019ClinicalCharacterization,
    title = {{Clinical SiPM-Based MRI-Compatible SPECT: Preliminary Characterization}},
    year = {2019},
    journal = {IEEE Transactions on Radiation and Plasma Medical Sciences},
    author = {Carminati, M. and van Mullekom, P. and Hutton, B. F. and Fiorini, C. and DrAdda, I. and Morahan, A. J. and Erlandsson, K. and Nagy, K. and Czeller, M. and Tolgyesi, B. and Nyitrai, Z. and Savi, A.},
    month = {11},
    pages = {1--1},
    publisher = {Institute of Electrical and Electronics Engineers (IEEE)},
    doi = {10.1109/trpms.2019.2951355},
    issn = {2469-7311}
}

@article{Wagatsuma2017ComparisonTOF-PET/CT,
    title = {{Comparison between new-generation SiPM-based and conventional PMT-based TOF-PET/CT}},
    year = {2017},
    journal = {Physica Medica},
    author = {Wagatsuma, Kei and Miwa, Kenta and Sakata, Muneyuki and Oda, Keiichi and Ono, Haruka and Kameyama, Masashi and Toyohara, Jun and Ishii, Kenji},
    month = {10},
    pages = {203--210},
    volume = {42},
    publisher = {Associazione Italiana di Fisica Medica},
    doi = {10.1016/j.ejmp.2017.09.124},
    issn = {1724191X},
    keywords = {Image quality, Instrumentation, National Electrical Manufactured Association, Physical performance, Silicon-photomultiplier}
}

@incollection{Wurfl2016DeepTomography,
    title = {{Deep Learning Computed Tomography}},
    year = {2016},
    author = {W{\"{u}}rfl, Tobias and Ghesu, Florin C. and Christlein, Vincent and Maier, Andreas},
    pages = {432--440},
    url = {http://link.springer.com/10.1007/978-3-319-46726-9_50},
    doi = {10.1007/978-3-319-46726-9{\_}50}
}

@article{Wurfl2018DeepProblems,
    title = {{Deep Learning Computed Tomography: Learning Projection-Domain Weights From Image Domain in Limited Angle Problems}},
    year = {2018},
    journal = {IEEE Transactions on Medical Imaging},
    author = {Wurfl, Tobias and Hoffmann, Mathis and Christlein, Vincent and Breininger, Katharina and Huang, Yixin and Unberath, Mathias and Maier, Andreas K.},
    number = {6},
    month = {6},
    pages = {1454--1463},
    volume = {37},
    url = {https://ieeexplore.ieee.org/document/8355700/},
    doi = {10.1109/TMI.2018.2833499},
    issn = {0278-0062}
}

@techreport{RazzakDeepFuture,
    title = {{Deep Learning for Medical Image Processing: Overview, Challenges and Future}},
    author = {Razzak, Muhammad Imran and Naz, Saeeda and Zaib, Ahmad},
    url = {https://arxiv.org/ftp/arxiv/papers/1704/1704.06825.pdf}
}

@article{Accorsi2008DerivationCollimation,
    title = {{Derivation and validation of a sensitivity formula for slit-slat collimation}},
    year = {2008},
    journal = {IEEE Transactions on Medical Imaging},
    author = {Accorsi, Roberto and Novak, John R. and Ayan, Ahmet S. and Metzler, Scott D.},
    number = {5},
    pages = {709--722},
    volume = {27},
    doi = {10.1109/TMI.2007.912395},
    issn = {02780062},
    keywords = {Biomedical applications of nuclear radiation, Collimation, Nuclear imaging, Penetration, Pinhole, Sensitivity, Single photon emission computed tomography (SPECT), Slat, Slit}
}

@inproceedings{Meng2007DesignImaging,
    title = {{Design study of an MRI compatible ultra-high resolution SPECT for in vivo mice brain imaging}},
    year = {2007},
    booktitle = {IEEE Nuclear Science Symposium Conference Record},
    author = {Meng, Ling Jian and Tan, Jia Wei and Fu, Geng},
    pages = {2956--2960},
    volume = {4},
    isbn = {1424409233},
    doi = {10.1109/NSSMIC.2007.4436754},
    issn = {10957863}
}

@inproceedings{Meng2007DesignImagingb,
    title = {{Design study of an MRI compatible ultra-high resolution SPECT for in vivo mice brain imaging}},
    year = {2007},
    booktitle = {IEEE Nuclear Science Symposium Conference Record},
    author = {Meng, Ling Jian and Tan, Jia Wei and Fu, Geng},
    pages = {2956--2960},
    volume = {4},
    isbn = {1424409233},
    doi = {10.1109/NSSMIC.2007.4436754},
    issn = {10957863}
}

@inproceedings{TianyuMa2007DeterminationMicroPET,
    title = {{Determination of geometrical parameters for slit-slat SPECT imaging on MicroPET}},
    year = {2007},
    booktitle = {2007 IEEE Nuclear Science Symposium Conference Record},
    author = {{Tianyu Ma} and {Rutao Yao} and {Yiping Shao}},
    pages = {4285--4288},
    publisher = {IEEE},
    url = {http://ieeexplore.ieee.org/document/4437063/},
    isbn = {978-1-4244-0922-8},
    doi = {10.1109/NSSMIC.2007.4437063}
}

@phdthesis{OCCHIPINTI2015DevelopmentImaging,
    title = {{Development of a gamma-ray detection module for multimodal SPECT/MR imaging}},
    year = {2015},
    author = {OCCHIPINTI, MICHELE},
    month = {12},
    publisher = {Italy},
    url = {http://hdl.handle.net/10589/114190},
    school = {Politecnico Milano},
    address = {Milano},
    arxivId = {http://hdl.handle.net/10589/114190},
    keywords = {INF/01 ELETTRONICA, ING, SPECT, SPECT/MR, brain tumor, gamma camera, glioma, magnetic resonance, medicina nucleare, multimodal, multimodale, nuclear medicine, radiation detector, risonanza magnetica, rivelatore radiazioni, tumori cerebrali}
}

@article{Hamamura2010DevelopmentAcquisition.,
    title = {{Development of an MR-compatible SPECT system (MRSPECT) for simultaneous data acquisition.}},
    year = {2010},
    journal = {Physics in medicine and biology},
    author = {Hamamura, Mark J and Ha, Seunghoon and Roeck, Werner W and Muftuler, L Tugan and Wagenaar, Douglas J and Meier, Dirk and Patt, Bradley E and Nalcioglu, Orhan},
    number = {6},
    month = {3},
    pages = {1563--75},
    volume = {55},
    url = {http://www.ncbi.nlm.nih.gov/pubmed/20164533},
    doi = {10.1088/0031-9155/55/6/002},
    issn = {1361-6560},
    pmid = {20164533}
}

@article{Beekman2002EfficientCompensation,
    title = {{Efficient fully 3-D iterative SPECT reconstruction with Monte Carlo-based scatter compensation}},
    year = {2002},
    journal = {IEEE Transactions on Medical Imaging},
    author = {Beekman, Freek J. and De Jong, Hugo W.A.M. and Van Geloven, Sander},
    number = {8},
    pages = {867--877},
    volume = {21},
    doi = {10.1109/TMI.2002.803130},
    issn = {02780062},
    keywords = {Dual matrix reconstruction, Image reconstruction, Monte carlo methods, Scattering, Single photon emission computed tomography}
}

@article{Bouckaert2014EvaluationPhotomultipliers,
    title = {{Evaluation of a compact, high-resolution SPECT detector based on digital silicon photomultipliers}},
    year = {2014},
    journal = {Physics in Medicine and Biology},
    author = {Bouckaert, Carmen and Vandenberghe, Stefaan and Van Holen, Roel},
    number = {23},
    month = {12},
    pages = {7521--7539},
    volume = {59},
    url = {http://www.ncbi.nlm.nih.gov/pubmed/25401505 http://stacks.iop.org/0031-9155/59/i=23/a=7521?key=crossref.6763805b56b617b39c67430c09dae0c4},
    doi = {10.1088/0031-9155/59/23/7521},
    issn = {0031-9155},
    pmid = {25401505}
}

@article{Mahmood2011ExperimentalData,
    title = {{Experimental results from a prototype slit-slat collimator with mixed multiplexed and non-multiplexed data}},
    year = {2011},
    journal = {Physics in Medicine and Biology},
    author = {Mahmood, Shelan and Erlandsson, Kjell and Cullum, Ian and Hutton, Brian},
    number = {14},
    pages = {4311--4331},
    volume = {56},
    doi = {10.1088/0031-9155/56/14/007},
    issn = {00319155}
}

@inproceedings{Tan2011ExperimentalField,
    title = {{Experimental study of the response of CZT and CdTe detectors of various thicknesses in strong magnetic field}},
    year = {2011},
    booktitle = {Nuclear Instruments and Methods in Physics Research, Section A: Accelerators, Spectrometers, Detectors and Associated Equipment},
    author = {Tan, J. W. and Cai, L. and Meng, L. J.},
    number = {1},
    month = {10},
    pages = {153--157},
    volume = {652},
    doi = {10.1016/j.nima.2011.01.156},
    issn = {01689002},
    keywords = {Charge collection, Energy-resolved photon-counting detectors, Lorenz force}
}

@inproceedings{Carminati2018ExperimentalInsert,
    title = {{Experimental Validation of a Preclinical SPECT/MR Insert}},
    year = {2018},
    booktitle = {2017 IEEE Nuclear Science Symposium and Medical Imaging Conference, NSS/MIC 2017 - Conference Proceedings},
    author = {Carminati, M. and Occhipinti, M. and Baratelli, F. M. and Montagnani, G. L. and Nagy, K. and Nyitrai, Z. and Nagy, A. and Czeller, M. and Kuhne, A. and Niendorf, T. and Mathe, D. and Belloli, S. and Valtorta, S. and Moresco, R. M. and Falini, A. and Iadanza, A. and Ottobrini, L. and Fiorini, C.},
    month = {11},
    publisher = {Institute of Electrical and Electronics Engineers Inc.},
    isbn = {9781538622827},
    doi = {10.1109/NSSMIC.2017.8532678}
}

@inproceedings{Herbert2004FirstPhotomultiplier,
    title = {{First results of scintillator readout with silicon photomultiplier}},
    year = {2004},
    booktitle = {IEEE Nuclear Science Symposium Conference Record},
    author = {Herbert, Deborah J. and Saveliev, Valeri and Belcari, Nicola and D'Ascenzo, Nicola and Del Guerra, Alberto and Golovin, Alexei},
    pages = {4185--4189},
    volume = {7},
    doi = {10.1109/nssmic.2004.1466814},
    issn = {10957863}
}

@article{Journal2018FoOn,
    title = {{Fo r R iew On Fo r R iew ly On}},
    year = {2018},
    author = {Journal, British},
    isbn = {8627872821},
    keywords = {autolysosomes, fatty acids, fish, high fat diet, molecular characterization, molecular nutrition, subject category}
}

@inproceedings{XiaoDeng2010GeometricalSPECT,
    title = {{Geometrical calibration for an animal PET converted SPECT}},
    year = {2010},
    booktitle = {IEEE Nuclear Science Symposuim {\&} Medical Imaging Conference},
    author = {{Xiao Deng} and {Tianyu Ma} and Cadorette, Jules and {Zixiong Cao} and Beaudoin, Jean-Francois and Lecomte, Roger and {Rutao Yao}},
    month = {10},
    pages = {3038--3041},
    publisher = {IEEE},
    url = {http://ieeexplore.ieee.org/document/5874357/},
    isbn = {978-1-4244-9106-3},
    doi = {10.1109/NSSMIC.2010.5874357}
}

@inproceedings{Tsui2011HighAnimals,
    title = {{High performance SPECT system for simultaneous SPECT-MR imaging of small animals}},
    year = {2011},
    booktitle = {IEEE Nuclear Science Symposium Conference Record},
    author = {Tsui, Benjamin M.W. and Xu, Jingyan and Rittenbach, Andrew and Chen, Si and El-Sharkaway, Abdel Monem and Edelstein, William A. and Guo, Xiaoming and Liu, Ang and Hugg, James W.},
    pages = {3178--3182},
    publisher = {Institute of Electrical and Electronics Engineers Inc.},
    isbn = {9781467301183},
    doi = {10.1109/NSSMIC.2011.6153652},
    issn = {10957863}
}

@inproceedings{Tsui2011HighAnimalsb,
    title = {{High performance SPECT system for simultaneous SPECT-MR imaging of small animals}},
    year = {2011},
    booktitle = {IEEE Nuclear Science Symposium Conference Record},
    author = {Tsui, Benjamin M.W. and Xu, Jingyan and Rittenbach, Andrew and Chen, Si and El-Sharkaway, Abdel Monem and Edelstein, William A. and Guo, Xiaoming and Liu, Ang and Hugg, James W.},
    pages = {3178--3182},
    publisher = {Institute of Electrical and Electronics Engineers Inc.},
    isbn = {9781467301183},
    doi = {10.1109/NSSMIC.2011.6153652},
    issn = {10957863}
}

@article{Cai2013HybridSystem,
    title = {{Hybrid pixel-waveform CdTe/CZT detector for use in an ultrahigh resolution MRI compatible SPECT system}},
    year = {2013},
    journal = {Nuclear Instruments and Methods in Physics Research Section A: Accelerators, Spectrometers, Detectors and Associated Equipment},
    author = {Cai, Liang and Meng, Ling-Jian},
    month = {2},
    pages = {101--103},
    volume = {702},
    url = {https://linkinghub.elsevier.com/retrieve/pii/S0168900212009722},
    doi = {10.1016/j.nima.2012.08.069},
    issn = {01689002}
}

@article{Cai2013HybridSystemb,
    title = {{Hybrid pixel-waveform CdTe/CZT detector for use in an ultrahigh resolution MRI compatible SPECT system}},
    year = {2013},
    journal = {Nuclear Instruments and Methods in Physics Research, Section A: Accelerators, Spectrometers, Detectors and Associated Equipment},
    author = {Cai, Liang and Meng, Ling Jian},
    month = {2},
    pages = {101--103},
    volume = {702},
    publisher = {Elsevier B.V.},
    doi = {10.1016/j.nima.2012.08.069},
    issn = {01689002},
    keywords = {CdTe/CZT, Hybrid pixel-waveform readout, MR compatible SPECT}
}

@misc{Schillaci2005HybridImaging,
    title = {{Hybrid SPECT/CT: A new era for SPECT imaging?}},
    year = {2005},
    booktitle = {European Journal of Nuclear Medicine and Molecular Imaging},
    author = {Schillaci, Orazio},
    number = {5},
    month = {4},
    pages = {521--524},
    volume = {32},
    publisher = {Springer},
    doi = {10.1007/s00259-005-1760-9},
    issn = {16197070},
    keywords = {Cardiology, Imaging / Radiology, Nuclear Medicine, Oncology, Orthopedics}
}

@article{en2019ImageStudy,
    title = {{Image quality and detectability in Siemens Biograph PET/MRI and PET/CT systems‚Äîa phantom study}},
    year = {2019},
    journal = {EJNMMI Physics},
    author = {{\O}en, Silje Kj√¶rnes and Aasheim, Lars Birger and Eikenes, Live and Karlberg, Anna Maria},
    number = {1},
    month = {12},
    pages = {1--16},
    volume = {6},
    publisher = {Springer International Publishing},
    doi = {10.1186/s40658-019-0251-1},
    issn = {21977364},
    keywords = {CNR, Detectability, PET/CT, PET/MRI}
}

@article{JinhunJoung2000ImplementationCameras,
    title = {{Implementation of ML based positioning algorithms for scintillation cameras}},
    year = {2000},
    journal = {IEEE Transactions on Nuclear Science},
    author = {{Jinhun Joung} and Miyaoka, R.S. and Kohlmyer, S. and Lewellen, T.K.},
    number = {3},
    month = {6},
    pages = {1104--1111},
    volume = {47},
    url = {http://ieeexplore.ieee.org/document/856555/},
    doi = {10.1109/23.856555},
    issn = {00189499}
}

@misc{Zaidi2007IsImaging,
    title = {{Is MR-guided attenuation correction a viable option for dual-modality PET/MR imaging?}},
    year = {2007},
    booktitle = {Radiology},
    author = {Zaidi, Habib},
    number = {3},
    month = {9},
    pages = {639--642},
    volume = {244},
    doi = {10.1148/radiol.2443070092},
    issn = {00338419}
}

@article{Morozov2015IterativeCamera,
    title = {{Iterative reconstruction of detector response of an Anger gamma camera}},
    year = {2015},
    journal = {Physics in Medicine and Biology},
    author = {Morozov, A and Solovov, V and Alves, F and Domingos, V and Martins, R and Neves, F and Chepel, V},
    number = {10},
    month = {5},
    pages = {4169--4184},
    volume = {60},
    publisher = {IOP Publishing},
    url = {http://stacks.iop.org/0031-9155/60/i=10/a=4169?key=crossref.f23b0d028d8e95b4945496c0ddb00d8d},
    doi = {10.1088/0031-9155/60/10/4169},
    issn = {0031-9155}
}

@article{Morozov2015IterativeCamera.,
    title = {{Iterative reconstruction of detector response of an Anger gamma camera.}},
    year = {2015},
    journal = {Physics in medicine and biology},
    author = {Morozov, A and Solovov, V and Alves, F and Domingos, V and Martins, R and Neves, F and Chepel, V},
    number = {10},
    month = {5},
    pages = {4169--84},
    volume = {60},
    url = {http://www.ncbi.nlm.nih.gov/pubmed/25951792},
    doi = {10.1088/0031-9155/60/10/4169},
    issn = {1361-6560},
    pmid = {25951792}
}

@techreport{MaLearningTomography,
    title = {{Learning image from projection: a full-automatic reconstruction (FAR) net for sparse-views computed tomography}},
    author = {Ma, Genwei and Zhu, Yining and Zhao, Xing},
    url = {https://arxiv.org/pdf/1901.03454.pdf},
    arxivId = {1901.03454v1},
    keywords = {Full-automatic reconstruction, Index Terms-deep learning, sparse-views CT, sparseness non-negative matrix factorization}
}

@article{Lee2018LowApplications,
    title = {{Low eddy current RF shielding enclosure designs for 3T MR applications}},
    year = {2018},
    journal = {Magnetic Resonance in Medicine},
    author = {Lee, Brian J. and Watkins, Ronald D. and Chang, Chen-Ming and Levin, Craig S.},
    number = {3},
    month = {3},
    pages = {1745--1752},
    volume = {79},
    publisher = {John Wiley and Sons Inc.},
    url = {http://doi.wiley.com/10.1002/mrm.26766},
    doi = {10.1002/mrm.26766},
    issn = {07403194},
    keywords = {Faraday shielding enclosure, MR-compatible, PET detector, PET/MR, RF shielding effectiveness, gradient-induced eddy current}
}

@article{Barrett2009Maximum-LikelihoodDetectors,
    title = {{Maximum-Likelihood Methods for Processing Signals From Gamma-Ray Detectors}},
    year = {2009},
    journal = {IEEE Transactions on Nuclear Science},
    author = {Barrett, Harrison H. and Hunter, William C. J. and Miller, Brian William and Moore, Stephen K. and Chen, Yichun and Furenlid, Lars R.},
    number = {3},
    month = {6},
    pages = {725--735},
    volume = {56},
    url = {http://ieeexplore.ieee.org/document/5075989/},
    doi = {10.1109/TNS.2009.2015308},
    issn = {0018-9499}
}

@book{Modo2007MolecularImaging,
    title = {{Molecular and cellular MR imaging}},
    year = {2007},
    booktitle = {Molecular and Cellular MR Imaging},
    author = {Modo, Michel M.J. and Bulte, Jeff W.M.},
    number = {supplement 3},
    month = {1},
    pages = {1--443},
    volume = {56},
    publisher = {CRC Press},
    isbn = {9781420004090},
    doi = {10.2967/jnumed.107.045369},
    issn = {0161-5505}
}

@book{Modo2007MolecularImagingb,
    title = {{Molecular and cellular MR imaging}},
    year = {2007},
    booktitle = {Molecular and Cellular MR Imaging},
    author = {Modo, Michel M.J. and Bulte, Jeff W.M.},
    number = {supplement 1},
    month = {1},
    pages = {1--443},
    volume = {55},
    publisher = {CRC Press},
    isbn = {9781420004090},
    doi = {10.2967/jnumed.107.045369},
    issn = {0161-5505}
}

@article{Peterson2017MonteBack-projector,
    title = {{Monte Carlo-based quantitative pinhole SPECT reconstruction using a ray-tracing back-projector}},
    year = {2017},
    journal = {EJNMMI Physics},
    author = {Peterson, Mikael and Gustafsson, Johan and Ljungberg, Michael},
    number = {1},
    month = {12},
    pages = {32},
    volume = {4},
    publisher = {SpringerOpen},
    url = {https://ejnmmiphys.springeropen.com/articles/10.1186/s40658-017-0198-z},
    doi = {10.1186/s40658-017-0198-z},
    issn = {2197-7364},
    keywords = {Applied and Technical Physics, Computational Mathematics and Numerical Analysis, Engineering, Imaging / Radiology, Nuclear Medicine, general}
}

@article{Gustafsson2018MonteFramework,
    title = {{Monte Carlo-based SPECT reconstruction within the SIMIND framework}},
    year = {2018},
    journal = {Physics in Medicine {\&} Biology},
    author = {Gustafsson, Johan and Brolin, Gustav and Ljungberg, Michael},
    number = {24},
    month = {12},
    pages = {245012},
    volume = {63},
    publisher = {IOP Publishing},
    url = {http://stacks.iop.org/0031-9155/63/i=24/a=245012?key=crossref.da7cbc5ec98164ba38f1c7943e20f6d9},
    doi = {10.1088/1361-6560/aaf0f1},
    issn = {1361-6560}
}

@article{Cai2014MRC-SPECT:Animals,
    title = {{MRC-SPECT: A sub-500 {$\mu$}m resolution MR-compatible SPECT system for simultaneous dual-modality study of small animals}},
    year = {2014},
    journal = {Nuclear Instruments and Methods in Physics Research, Section A: Accelerators, Spectrometers, Detectors and Associated Equipment},
    author = {Cai, Liang and Lai, Xiaochun and Shen, Zengming and Chen, Chin Tu and Meng, Ling Jian},
    number = {PART B},
    month = {1},
    pages = {147--151},
    volume = {734},
    publisher = {North-Holland},
    doi = {10.1016/j.nima.2013.08.080},
    issn = {01689002},
    keywords = {CdTe/CZT, Hybrid pixel-waveform readout, MR compatible SPECT, System development}
}

@article{Cai2014MRC-SPECT:Animalsb,
    title = {{MRC-SPECT: A sub-500 {$\mu$}m resolution MR-compatible SPECT system for simultaneous dual-modality study of small animals}},
    year = {2014},
    journal = {Nuclear Instruments and Methods in Physics Research, Section A: Accelerators, Spectrometers, Detectors and Associated Equipment},
    author = {Cai, Liang and Lai, Xiaochun and Shen, Zengming and Chen, Chin Tu and Meng, Ling Jian},
    number = {PART B},
    month = {1},
    pages = {147--151},
    volume = {734},
    publisher = {NIH Public Access},
    doi = {10.1016/j.nima.2013.08.080},
    issn = {01689002},
    keywords = {CdTe/CZT, Hybrid pixel-waveform readout, MR compatible SPECT, System development}
}

@article{Cai2014MRC-SPECT:Animalsc,
    title = {{MRC-SPECT: A sub-500¬µm resolution MR-compatible SPECT system for simultaneous dual-modality study of small animals}},
    year = {2014},
    journal = {Nuclear Instruments and Methods in Physics Research Section A: Accelerators, Spectrometers, Detectors and Associated Equipment},
    author = {Cai, Liang and Lai, Xiaochun and Shen, Zengming and Chen, Chin-Tu and Meng, Ling-Jian},
    month = {1},
    pages = {147--151},
    volume = {734},
    url = {https://linkinghub.elsevier.com/retrieve/pii/S0168900213012266},
    doi = {10.1016/j.nima.2013.08.080},
    issn = {01689002}
}

@article{Hofmann2008MRI-basedRegistration,
    title = {{MRI-based attenuation correction for PET/MRI: A novel approach combining pattern recognition and atlas registration}},
    year = {2008},
    journal = {Journal of Nuclear Medicine},
    author = {Hofmann, Matthias and Steinke, Florian and Scheel, Verena and Charpiat, Guillaume and Farquhar, Jason and Aschoff, Philip and Brady, Michael and Sch{\"{o}}lkopf, Bernhard and Pichler, Bernd J.},
    number = {11},
    month = {11},
    pages = {1875--1883},
    volume = {49},
    doi = {10.2967/jnumed.107.049353},
    issn = {01615505},
    keywords = {Atlas, Attenuation correction, Machine learning, PET/MR}
}

@misc{Cherry2009MultimodalitySPECT/CT,
    title = {{Multimodality Imaging: Beyond PET/CT and SPECT/CT}},
    year = {2009},
    booktitle = {Seminars in Nuclear Medicine},
    author = {Cherry, Simon R.},
    number = {5},
    month = {9},
    pages = {348--353},
    volume = {39},
    publisher = {W.B. Saunders},
    doi = {10.1053/j.semnuclmed.2009.03.001},
    issn = {00012998}
}

@article{Peng2014New7T,
    title = {{New shielding configurations for a simultaneous PET/MRI scanner at 7T}},
    year = {2014},
    journal = {Journal of Magnetic Resonance},
    author = {Peng, Bo J. and Wu, Yibao and Cherry, Simon R. and Walton, Jeffrey H.},
    month = {2},
    pages = {50--56},
    volume = {239},
    publisher = {NIH Public Access},
    doi = {10.1016/j.jmr.2013.10.027},
    issn = {10907807},
    keywords = {Multimodality, PET/MRI, Shielding}
}

@article{Erlandsson2009PerformanceCardiology,
    title = {{Performance evaluation of D-SPECT: a novel SPECT system for nuclear cardiology}},
    year = {2009},
    journal = {Physics in Medicine and Biology},
    author = {Erlandsson, Kjell and Kacperski, Krzysztof and van Gramberg, Dean and Hutton, Brian F},
    number = {9},
    month = {5},
    pages = {2635--2649},
    volume = {54},
    url = {http://stacks.iop.org/0031-9155/54/i=9/a=003?key=crossref.36b001a9bf410ce29ee86d21f365a6ca},
    doi = {10.1088/0031-9155/54/9/003},
    issn = {0031-9155}
}

@article{Delso2011PerformanceScanner,
    title = {{Performance Measurements of the Siemens mMR Integrated Whole-Body PET/MR Scanner}},
    year = {2011},
    journal = {J Nucl Med},
    author = {Delso, Gaspar and F{\"{u}}rst, Sebastian and Jakoby, Bj√∂rn and Ladebeck, Ralf and Ganter, Carl and Nekolla, Stephan G and Schwaiger, Markus and Ziegler, Sibylle I},
    pages = {1--9},
    volume = {52},
    url = {http://jnm.snmjournals.org},
    doi = {10.2967/jnumed.111.092726},
    keywords = {NEMA, PET/MR, performance}
}

@article{Defrise2008PerturbativeSPECT,
    title = {{Perturbative Refinement of the Geometric Calibration in Pinhole SPECT}},
    year = {2008},
    journal = {IEEE Transactions on Medical Imaging},
    author = {Defrise, M. and Vanhove, C. and Nuyts, J.},
    number = {2},
    month = {2},
    pages = {204--214},
    volume = {27},
    url = {http://www.ncbi.nlm.nih.gov/pubmed/18334442 http://ieeexplore.ieee.org/document/4359946/},
    doi = {10.1109/TMI.2007.904687},
    issn = {0278-0062},
    pmid = {18334442}
}

@article{Muzic2014PositronReview,
    title = {{Positron Emission Tomography-Magnetic Resonance Imaging: Technical Review}},
    year = {2014},
    journal = {Seminars in Roentgenology},
    author = {Muzic, Raymond F. and DiFilippo, Frank P.},
    number = {3},
    month = {7},
    pages = {242--254},
    volume = {49},
    publisher = {W.B. Saunders},
    doi = {10.1053/j.ro.2014.10.001},
    issn = {15584658}
}

@article{deRosales2014PotentialAgents,
    title = {{Potential clinical applications of bimodal PET-MRI or SPECT-MRI agents}},
    year = {2014},
    journal = {Journal of Labelled Compounds and Radiopharmaceuticals},
    author = {de Rosales, Rafael T. M.},
    number = {4},
    month = {4},
    pages = {298--303},
    volume = {57},
    publisher = {John Wiley {\&} Sons, Ltd},
    url = {http://doi.wiley.com/10.1002/jlcr.3154},
    doi = {10.1002/jlcr.3154},
    issn = {03624803},
    keywords = {PET‚ÄêMRI, SPECT‚ÄêMRI, SPIO, medical imaging, multimodal agents}
}

@phdthesis{MASSARA2018ProcessingSystem,
    title = {{Processing methods for reconstruction of detected gamma events in a SPECT-MRI imaging system}},
    year = {2018},
    author = {MASSARA, MICHELA},
    month = {4},
    publisher = {Italy},
    url = {http://hdl.handle.net/10589/140340},
    school = {Politecnico Milano},
    address = {Milano},
    arxivId = {http://hdl.handle.net/10589/140340},
    keywords = {DOI, INF/01 ELETTRONICA, ING, SPECT-MRI, energy resolution, gamma-ray detectors, massima verosimiglianza, maximum likelihood, metodi statistici, ricostruzione evento gamma, risoluzione energetica, rivelatori raggi gamma, scintillation event reconstruction, statistical methods}
}

@misc{Chiewitz1935Radioactive1,
    title = {{Radioactive indicators in the study of phosphorus metabolism in rats [1]}},
    year = {1935},
    booktitle = {Nature},
    author = {Chiewitz, O. and Hevesy, G.},
    number = {3445},
    month = {11},
    pages = {754--755},
    volume = {136},
    publisher = {Nature Publishing Group},
    doi = {10.1038/136754a0},
    issn = {00280836},
    keywords = {Humanities and Social Sciences, Science, multidisciplinary}
}

@article{Madsen2007RecentImaging,
    title = {{Recent Advances in SPECT Imaging}},
    year = {2007},
    journal = {Journal of Nuclear Medicine},
    author = {Madsen, M. T.},
    number = {4},
    month = {4},
    pages = {661--673},
    volume = {48},
    url = {http://jnm.snmjournals.org/cgi/doi/10.2967/jnumed.106.032680},
    doi = {10.2967/jnumed.106.032680},
    issn = {0161-5505}
}

@article{Brun1997ROOTFramework,
    title = {{ROOT ‚Äî An object oriented data analysis framework}},
    year = {1997},
    journal = {Nuclear Instruments and Methods in Physics Research Section A: Accelerators, Spectrometers, Detectors and Associated Equipment},
    author = {Brun, Rene and Rademakers, Fons},
    number = {1-2},
    month = {4},
    pages = {81--86},
    volume = {389},
    url = {https://linkinghub.elsevier.com/retrieve/pii/S016890029700048X},
    doi = {10.1016/S0168-9002(97)00048-X},
    issn = {01689002}
}

@article{LyraGeorgosopoulouRoutineInstrumentation,
    title = {{Routine quality control recommendations for nuclear medicine instrumentation}},
    author = {Lyra Georgosopoulou, Maria and Tindale, Wendy and Klett, Rigobert},
    doi = {10.1007/s00259-009-1347-y},
    keywords = {Gamma camera SPECT PET CT, Gamma counting system, Introduction, Nonimaging intraoperative probe, Nuclear medicine instrumentation, Preclinical PET, Quality assurance, Quality control, Radiation monitors, Radionuclide calibrator, Thyroid uptake probe}
}

@article{Boschini2003SCIDRA:Array,
    title = {{SCIDRA: a Monte Carlo simulator for the study and optimization of gamma cameras based on a scintillator coupled to a silicon photodetector array}},
    year = {2003},
    author = {Boschini, L. and Fiorini, C.},
    number = {c},
    pages = {464--469},
    volume = {00},
    isbn = {0780356969},
    doi = {10.1109/nssmic.1999.842528}
}

@article{Anger1958ScintillationCamera,
    title = {{Scintillation Camera}},
    year = {1958},
    journal = {Review of Scientific Instruments},
    author = {Anger, Hal O.},
    number = {1},
    month = {1},
    pages = {27--33},
    volume = {29},
    url = {http://aip.scitation.org/doi/10.1063/1.1715998},
    doi = {10.1063/1.1715998},
    issn = {0034-6748}
}

@article{Anger1966SensitivityCamera,
    title = {{Sensitivity, Resolution, and Linearity of the Scintillation Camera}},
    year = {1966},
    journal = {IEEE Transactions on Nuclear Science},
    author = {Anger, Hal O.},
    number = {3},
    month = {6},
    pages = {380--392},
    volume = {13},
    url = {http://ieeexplore.ieee.org/document/4324123/},
    doi = {10.1109/TNS.1966.4324123},
    issn = {0018-9499}
}

@article{Salvado2016ShieldingSystem,
    title = {{Shielding requirements of a SPECT insert for installation in a PET/MRI system}},
    year = {2016},
    journal = {2015 IEEE Nuclear Science Symposium and Medical Imaging Conference, NSS/MIC 2015},
    author = {Salvado, Debora and Erlandsson, Kjell and Hutton, Brian F.},
    pages = {2--6},
    isbn = {9781467398626},
    doi = {10.1109/NSSMIC.2015.7582068},
    keywords = {SPECT insert, SPECT/MR, gamma shielding, multi-modality}
}

@article{Busca2014SimulationImaging,
    title = {{Simulation of the expected performance of INSERT: A new multi-modality SPECT/MRI system for preclinical and clinical imaging}},
    year = {2014},
    journal = {Nuclear Instruments and Methods in Physics Research, Section A: Accelerators, Spectrometers, Detectors and Associated Equipment},
    author = {Busca, P. and Fiorini, C. and Butt, A. D. and Occhipinti, M. and Peloso, R. and Quaglia, R. and Schembari, F. and Trigilio, P. and Nemeth, G. and Major, P. and Erlandsson, K. and Hutton, B. F.},
    number = {PART B},
    pages = {141--146},
    volume = {734},
    publisher = {Elsevier},
    url = {http://dx.doi.org/10.1016/j.nima.2013.08.064},
    doi = {10.1016/j.nima.2013.08.064},
    issn = {01689002},
    keywords = {SPECT/MRI, Silicon drift detector, Silicon photomultiplier}
}

@article{Schlemmer2008SimultaneousStudy,
    title = {{Simultaneous MR/PET imaging of the human brain: Feasibility study}},
    year = {2008},
    journal = {Radiology},
    author = {Schlemmer, Heinz Peter W. and Pichler, Bernd J. and Schmand, Matthias and Burbar, Ziad and Michel, Christian and Ladebeck, Ralf and Jattke, Kirstin and Townsend, David and Nahmias, Claude and Jacob, Pradeep K. and Heiss, Wolf Dieter and Claussen, Claus D.},
    number = {3},
    month = {9},
    pages = {1028--1035},
    volume = {248},
    doi = {10.1148/radiol.2483071927},
    issn = {00338419}
}

@article{Schlemmer2008SimultaneousStudyb,
    title = {{Simultaneous MR/PET imaging of the human brain: Feasibility study}},
    year = {2008},
    journal = {Radiology},
    author = {Schlemmer, Heinz Peter W. and Pichler, Bernd J. and Schmand, Matthias and Burbar, Ziad and Michel, Christian and Ladebeck, Ralf and Jattke, Kirstin and Townsend, David and Nahmias, Claude and Jacob, Pradeep K. and Heiss, Wolf Dieter and Claussen, Claus D.},
    number = {3},
    month = {9},
    pages = {1028--1035},
    volume = {248},
    url = {http://www.ncbi.nlm.nih.gov/pubmed/18710991},
    doi = {10.1148/radiol.2483071927},
    issn = {00338419}
}

@article{Judenhofer2008SimultaneousImaging,
    title = {{Simultaneous PET-MRI: A new approach for functional and morphological imaging}},
    year = {2008},
    journal = {Nature Medicine},
    author = {Judenhofer, Martin S. and Wehrl, Hans F. and Newport, Danny F. and Catana, Ciprian and Siegel, Stefan B. and Becker, Markus and Thielscher, Axel and Kneilling, Manfred and Lichy, Matthias P. and Eichner, Martin and Klingel, Karin and Reischl, Gerald and Widmaier, Stefan and R{\"{o}}cken, Martin and Nutt, Robert E. and Machulla, Hans J√ºrgen and Uludag, Kamil and Cherry, Simon R. and Claussen, Claus D. and Pichler, Bernd J.},
    number = {4},
    month = {4},
    pages = {459--465},
    volume = {14},
    doi = {10.1038/nm1700},
    issn = {10788956}
}

@misc{SimultaneousScanner,
    title = {{Simultaneous PET/MR imaging with a MR-compatible SiPM PET scanner}},
    url = {http://jnm.snmjournals.org/content/52/supplement_1/258?related-urls=yes&legid=jnumed;52/supplement_1/258}
}

@article{Peterson2011SPECTBeyond.,
    title = {{SPECT detectors: the Anger Camera and beyond.}},
    year = {2011},
    journal = {Physics in medicine and biology},
    author = {Peterson, Todd E and Furenlid, Lars R},
    number = {17},
    month = {9},
    pages = {145--82},
    volume = {56},
    url = {http://www.ncbi.nlm.nih.gov/pubmed/21828904 http://www.pubmedcentral.nih.gov/articlerender.fcgi?artid=PMC3178269},
    doi = {10.1088/0031-9155/56/17/R01},
    issn = {1361-6560},
    pmid = {21828904}
}

@techreport{Ficken1994SPECTCommittee,
    title = {{SPECT Quality Control: A Program Recommended by the American College of Nuclear Physicians and the ACNP Corporate Committee}},
    year = {1994},
    booktitle = {J Nucl Med},
    author = {Ficken, Vernon and Mccartney, William},
    number = {4},
    pages = {205--210},
    volume = {22},
    keywords = {SPECT, quality control}
}

@article{Jaszczak1980SPECT:Tomography,
    title = {{SPECT: Single Photon Emission Computed Tomography}},
    year = {1980},
    journal = {IEEE Transactions on Nuclear Science},
    author = {Jaszczak, Ronald J. and Coleman, R. Edward and Lim, Chun Bin},
    number = {3},
    pages = {1137--1153},
    volume = {27},
    url = {http://ieeexplore.ieee.org/document/4330986/},
    doi = {10.1109/TNS.1980.4330986},
    issn = {0018-9499}
}

@inproceedings{vanderHaveSystemSPECT,
    title = {{System Calibration and Statistical Image Reconstruction for Sub-mm Stationary Pinhole SPECT}},
    booktitle = {IEEE Nuclear Science Symposium Conference Record, 2005},
    author = {van der Have, F. and Vastenhouw, B. and Rentmeester, M. and Beekman, F.J.},
    pages = {2653--2657},
    volume = {5},
    publisher = {IEEE},
    url = {http://ieeexplore.ieee.org/document/1596883/},
    isbn = {0-7803-9221-3},
    doi = {10.1109/NSSMIC.2005.1596883}
}

@article{vanderHave2008SystemSPECT,
    title = {{System Calibration and Statistical Image Reconstruction for Ultra-High Resolution Stationary Pinhole SPECT}},
    year = {2008},
    journal = {IEEE Transactions on Medical Imaging},
    author = {van der Have, F. and Vastenhouw, B. and Rentmeester, M. and Beekman, F.J.},
    number = {7},
    month = {7},
    pages = {960--971},
    volume = {27},
    url = {http://ieeexplore.ieee.org/document/4505843/},
    doi = {10.1109/TMI.2008.924644},
    issn = {0278-0062}
}

@book{SocietyofNuclearMedicine1953-2019TheJNM.,
    title = {{The Journal of nuclear medicine : JNM.}},
    year = {2019},
    booktitle = {Journal of Nuclear Medicine},
    author = {Society of Nuclear Medicine (1953- ), Wenyi and Du, Yong},
    number = {supplement 1},
    month = {5},
    pages = {1353--1353},
    volume = {60},
    publisher = {Society of Nuclear Medicine},
    url = {http://jnm.snmjournals.org/content/60/supplement_1/1353.abstract},
    issn = {0161-5505}
}

@article{Anger1952UseStudies,
    title = {{Use of a Gamma-Ray pinhole camera for in vivo studies}},
    year = {1952},
    journal = {Nature},
    author = {Anger, H. O.},
    number = {4318},
    pages = {200--201},
    volume = {170},
    publisher = {Nature Publishing Group},
    doi = {10.1038/170200b0},
    issn = {00280836},
    pmid = {12982856},
    keywords = {Humanities and Social Sciences, Science, multidisciplinary}
}

@article{Novak2008VerificationCollimation,
    title = {{Verification of the sensitivity and resolution dependence on the incidence angle for slit-slat collimation}},
    year = {2008},
    journal = {Physics in Medicine and Biology},
    author = {Novak, J. R. and Ayan, A. S. and Accorsi, R. and Metzler, S. D.},
    number = {4},
    pages = {953--966},
    volume = {53},
    doi = {10.1088/0031-9155/53/4/009},
    issn = {00319155}
}